@article{Bellec2020,
	author={Bellec, Guillaume and Scherr, Franz and Subramoney, Anand and Hajek, Elias and Salaj, Darjan and Legenstein, Robert and Maass, Wolfgang},
	title={A solution to the learning dilemma for recurrent networks of spiking neurons},
	journal={Nature Communications},
	year={2020},
	month={Jul},
	day={17},
	volume={11},
	number={1},
	pages={3625},
	issn={2041-1723},
	doi={10.1038/s41467-020-17236-y},
	url={https://doi.org/10.1038/s41467-020-17236-y}
}

@article{Lillicrap2019,
	author = {Lillicrap, Timothy and Santoro, Adam},
	year = {2019},
	month = {04},
	pages = {82-89},
	title = {Backpropagation through time and the brain},
	volume = {55},
	journal = {Current Opinion in Neurobiology},
	doi = {10.1016/j.conb.2019.01.011}
}

@article {Mehr2019,
	author = {Mehr, Samuel A. and Singh, Manvir and Knox, Dean and Ketter, Daniel M. and Pickens-Jones, Daniel and Atwood, S. and Lucas, Christopher and Jacoby, Nori and Egner, Alena A. and Hopkins, Erin J. and Howard, Rhea M. and Hartshorne, Joshua K. and Jennings, Mariela V. and Simson, Jan and Bainbridge, Constance M. and Pinker, Steven and O{\textquoteright}Donnell, Timothy J. and Krasnow, Max M. and Glowacki, Luke},
	title = {Universality and diversity in human song},
	volume = {366},
	number = {6468},
	elocation-id = {eaax0868},
	year = {2019},
	doi = {10.1126/science.aax0868},
	publisher = {American Association for the Advancement of Science},
	issn = {0036-8075},
	URL = {https://science.sciencemag.org/content/366/6468/eaax0868},
	journal = {Science}
}

@article{Bellec2018,
  title={Long short-term memory and learning-to-learn in networks of spiking neurons},
  author={Bellec, Guillaume and Salaj, Darjan and Subramoney, Anand and Legenstein, Robert and Maass, Wolfgang},
  journal={arXiv preprint arXiv:1803.09574},
  year={2018}
}

@article{Huang2018,
  title={Music Transformer: Generating Music with Long-Term Structure},
  author={Huang, Cheng-Zhi Anna and Vaswani, Ashish and Uszkoreit, Jakob and Shazeer, Noam and Hawthorne, Curtis and Dai, Andrew M and Hoffman, Matthew D and Eck, Douglas},
  journal={arXiv preprint arXiv:1809.04281},
  year={2018}
}

@online{Waite2016,
	author = {Elliot Waite},
	title = {Generating Long-Term Structure in Songs and Stories},
	year = {2016},
	url = {https://magenta.tensorflow.org/2016/07/15/lookback-rnn-attention-rnn},
	urldate = {2021-04-17}
}

@article{Furber2014,
  author={S. B. {Furber} and F. {Galluppi} and S. {Temple} and L. A. {Plana}},
  journal={Proceedings of the IEEE},
  title={The SpiNNaker Project},
  year={2014},
  month={May},
  volume={102},
  number={5},
  pages={652-665},
  doi={10.1109/JPROC.2014.2304638},
  ISSN={1558-2256}
}

@techreport{Eck2002,
	author = {Eck, Douglas and Schmidhuber, Juergen},
	title = {A First Look at Music Composition Using LSTM Recurrent Neural Networks},
	year = {2002},
	publisher = {Istituto Dalle Molle Di Studi Sull Intelligenza Artificiale}
}

@article{Todd1989,
	ISSN = {01489267, 15315169},
	URL = {http://www.jstor.org/stable/3679551},
	author = {Peter M. Todd},
	journal = {Computer Music Journal},
	number = {4},
	pages = {27--43},
	publisher = {The MIT Press},
	title = {A Connectionist Approach to Algorithmic Composition},
	volume = {13},
	year = {1989}
}
